@article{herrera2021contribution,
  title={The contribution of network science to the study of food recipes. A review paper},
  author={Herrera, Juan CS},
  journal={Appetite},
  volume={159},
  pages={105048},
  year={2021},
  publisher={Elsevier}
}

@article{ahn2011flavor,
  title={Flavor network and the principles of food pairing},
  author={Ahn, Yong-Yeol and Ahnert, Sebastian E and Bagrow, James P and Barab{\'a}si, Albert-L{\'a}szl{\'o}},
  journal={Scientific reports},
  volume={1},
  number={1},
  pages={1--7},
  year={2011},
  publisher={Springer}
}

@article{costa2007characterization,
  title={Characterization of complex networks: A survey of measurements},
  author={Costa, L da F and Rodrigues, Francisco A and Travieso, Gonzalo and Villas Boas, Paulino Ribeiro},
  journal={Advances in physics},
  volume={56},
  number={1},
  pages={167--242},
  year={2007},
  publisher={Taylor \& Francis}
}

@article{boccaletti2006complex,
  title={Complex networks: Structure and dynamics},
  author={Boccaletti, Stefano and Latora, Vito and Moreno, Yamir and Chavez, Martin and Hwang, D-U},
  journal={Physics reports},
  volume={424},
  number={4-5},
  pages={175--308},
  year={2006},
  publisher={Elsevier}
}

@inproceedings{bolanos2017food,
  title={Food ingredients recognition through multi-label learning},
  author={Bola{\~n}os, Marc and Ferr{\`a}, Aina and Radeva, Petia},
  booktitle={New Trends in Image Analysis and Processing--ICIAP 2017: ICIAP International Workshops, WBICV, SSPandBE, 3AS, RGBD, NIVAR, IWBAAS, and MADiMa 2017, Catania, Italy, September 11-15, 2017, Revised Selected Papers 19},
  pages={394--402},
  year={2017},
  organization={Springer}
}


@article{identificador,
    author = {Apellido, Nombre},
    title = {Recipes5k},
    year = {Año de publicación},
    url = {http://www.ub.edu/cvub/recipes5k/},
    urldate = {Fecha de acceso}
}